<record><leader>00000cas a22000007a 4500</leader><controlfield tag="001">28408174</controlfield><controlfield tag="008">930709d19271942caudn ne      0    0eng d</controlfield><datafield ind1=" " ind2=" " tag="010"><subfield code="a">sn 93051546 </subfield></datafield><datafield ind1=" " ind2=" " tag="040"><subfield code="a">CUY</subfield><subfield code="b">eng</subfield><subfield code="c">CNK</subfield><subfield code="d">OCLCQ</subfield><subfield code="d">ZAP</subfield><subfield code="d">OCLCF</subfield><subfield code="d">OCLCO</subfield></datafield><datafield ind1="1" ind2=" " tag="029"><subfield code="a">AU@</subfield><subfield code="b">000025894701</subfield></datafield><datafield ind1=" " ind2=" " tag="042"><subfield code="a">msc</subfield></datafield><datafield ind1="0" ind2=" " tag="130"><subfield code="a">Willows journal (Willows, Calif. : 1927 : Daily)</subfield></datafield><datafield ind1="0" ind2="4" tag="245"><subfield code="a">The Willows journal.</subfield></datafield><datafield ind1=" " ind2=" " tag="260"><subfield code="a">Willows, Glenn County, Cal. :</subfield><subfield code="b">E.M. Sehorn</subfield></datafield><datafield ind1=" " ind2=" " tag="300"><subfield code="a">v.</subfield></datafield><datafield ind1=" " ind2=" " tag="310"><subfield code="a">Daily (except Sat. and Sun.)</subfield></datafield><datafield ind1="0" ind2=" " tag="362"><subfield code="a">Vol. 38, no. 238 (Nov. 15, 1927)-v. 65, no. 79 (Sept. 17, 1942).</subfield></datafield><datafield ind1=" " ind2="4" tag="651"><subfield code="a">Willows (Calif.)</subfield><subfield code="v">Newspapers.</subfield></datafield><datafield ind1=" " ind2="4" tag="651"><subfield code="a">Glenn County (Calif.)</subfield><subfield code="v">Newspapers.</subfield></datafield><datafield ind1=" " ind2="0" tag="651"><subfield code="a">Glenn County (Calif.)</subfield><subfield code="x">Newspapers.</subfield></datafield><datafield ind1=" " ind2="0" tag="651"><subfield code="a">Willows (Calif.)</subfield><subfield code="x">Newspapers.</subfield></datafield><datafield ind1=" " ind2="7" tag="655"><subfield code="a">Newspapers.</subfield><subfield code="2">fast</subfield><subfield code="0">(OCoLC)fst01423814</subfield></datafield><datafield ind1=" " ind2="7" tag="651"><subfield code="a">California</subfield><subfield code="z">Glenn County.</subfield><subfield code="2">fast</subfield><subfield code="0">(OCoLC)fst01215707</subfield></datafield><datafield ind1=" " ind2="7" tag="651"><subfield code="a">California</subfield><subfield code="z">Willows.</subfield><subfield code="2">fast</subfield><subfield code="0">(OCoLC)fst01215519</subfield></datafield><datafield ind1=" " ind2=" " tag="752"><subfield code="a">United States</subfield><subfield code="b">California</subfield><subfield code="c">Glenn</subfield><subfield code="d">Willows.</subfield></datafield><datafield ind1="0" ind2=" " tag="775"><subfield code="t">Willows journal (Willows, Calif. : Semiweekly)</subfield><subfield code="w">(DLC)sn 93053340</subfield></datafield><datafield ind1="0" ind2="0" tag="780"><subfield code="t">Willows daily journal (Willows, Calif. : 1917)</subfield><subfield code="w">(DLC)sn 93051545</subfield></datafield><datafield ind1="0" ind2="7" tag="785"><subfield code="t">Glenn transcript</subfield><subfield code="w">(DLC)sn 93051547</subfield></datafield><datafield ind1="0" ind2="7" tag="785"><subfield code="t">Willows journal and the Glenn transcript</subfield><subfield code="w">(DLC)sn 93051549</subfield></datafield></record>